<?xml version="1.0" encoding="UTF-8"?><record xmlns="http://www.loc.gov/MARC21/slim" xmlns:cinclude="http://apache.org/cocoon/include/1.0" xmlns:zs="http://www.loc.gov/zing/srw/">
  <leader>00544cz  a2200133n  4500</leader>
  <controlfield tag="001">n  84024313 </controlfield>
  <controlfield tag="003">DLC</controlfield>
  <controlfield tag="005">20081126075831.0</controlfield>
  <controlfield tag="008">840724n| acannaabn          |n ana      </controlfield>
  <datafield tag="010" ind1=" " ind2=" ">
    <subfield code="a">n  84024313 </subfield>
  </datafield>
  <datafield tag="035" ind1=" " ind2=" ">
    <subfield code="a">(OCoLC)oca01160153</subfield>
  </datafield>
  <datafield tag="040" ind1=" " ind2=" ">
    <subfield code="a">InU</subfield>
    <subfield code="b">eng</subfield>
    <subfield code="c">DLC</subfield>
    <subfield code="d">OCoLC</subfield>
  </datafield>
  <datafield tag="110" ind1="2" ind2=" ">
    <subfield code="a">Turkestanskīĭ kruzhok li︠u︡biteleĭ arkheologīi</subfield>
  </datafield>
  <datafield tag="670" ind1=" " ind2=" ">
    <subfield code="a">Turkestanskīĭ kruzhok li︠u︡biteleĭ arkheologīi za ... god ego di︠e︡i︠a︡telʹnosti, 11 dek. 1896 g.-11 dek. 1897 g.:</subfield>
    <subfield code="b">t.p. (Turkestanskīĭ kruzhok li︠u︡biteleĭ arkheologīi)</subfield>
  </datafield>
</record>